

@misc{[1],
    AUTHOR = "nationalgeographic",
	TITLE = "The Art and Science of Agriculture",
	HOWPUBLISHED = {https://www.nationalgeographic.org/encyclopedia/agriculture/},
    note = {"Consulted March, 2022"}}
    
